<collection xmlns="http://www.loc.gov/MARC21/slim">
<record>
  <leader>02186nam0a2200397 i 450 </leader>
  <controlfield tag="001">IT\ICCU\CNCE\017400</controlfield>
  <controlfield tag="005">20180618000000.0</controlfield>
  <datafield tag="012" ind1=" " ind2=" ">
    <subfield code="a">taa- 01a- eea- deua (3) 1567 (R)</subfield>
    <subfield code="2">fei</subfield>
  </datafield>
  <datafield tag="100" ind1=" " ind2=" ">
    <subfield code="a">19970101d1567        0itac0103    ba</subfield>
  </datafield>
  <datafield tag="101" ind1=" " ind2=" ">
    <subfield code="a">ITA</subfield>
  </datafield>
  <datafield tag="102" ind1=" " ind2=" ">
    <subfield code="a">IT</subfield>
  </datafield>
  <datafield tag="200" ind1="1" ind2=" ">
    <subfield code="a">Vita di Ferdinando primo imperatore di questo nome, descritta da m. Lodouico Dolce, nella quale sotto breuit ̉sono comprese l&apos;historie dall&apos;anno MDIII insino al MDLXIIII</subfield>
  </datafield>
  <datafield tag="210" ind1=" " ind2=" ">
    <subfield code="a">In Vinegia</subfield>
    <subfield code="c">appresso Gabriel Giolito de&apos; Ferrari</subfield>
    <subfield code="d">1567</subfield>
  </datafield>
  <datafield tag="215" ind1=" " ind2=" ">
    <subfield code="a">\24!, 254 \i.e. 258!, \2! p.</subfield>
    <subfield code="d">4ʻ</subfield>
  </datafield>
  <datafield tag="620" ind1=" " ind2=" ">
    <subfield code="a">IT</subfield>
    <subfield code="d">Venezia</subfield>
  </datafield>
  <datafield tag="700" ind1=" " ind2="1">
    <subfield code="a">Dolce,</subfield>
    <subfield code="b">Lodovico</subfield>
    <subfield code="3">IT\ICCU\CNCA\000014</subfield>
  </datafield>
  <datafield tag="712" ind1="0" ind2="0">
    <subfield code="a">Giolito De Ferrari, Gabriele</subfield>
    <subfield code="3">IT\ICCU\CNCT\000033</subfield>
    <subfield code="4">650</subfield>
  </datafield>
  <datafield tag="790" ind1=" " ind2="1">
    <subfield code="a">Dulcius,</subfield>
    <subfield code="b">Ludovicus</subfield>
    <subfield code="3">IT\ICCU\CNCA\018398</subfield>
    <subfield code="z">Dolce, Lodovico</subfield>
  </datafield>
  <datafield tag="790" ind1=" " ind2="1">
    <subfield code="a">Dolci,</subfield>
    <subfield code="b">Lodovico</subfield>
    <subfield code="3">IT\ICCU\CNCA\018400</subfield>
    <subfield code="z">Dolce, Lodovico</subfield>
  </datafield>
  <datafield tag="791" ind1="0" ind2="0">
    <subfield code="a">Iolitus de Ferrariis, Gabriel</subfield>
    <subfield code="3">IT\ICCU\CNCT\003847</subfield>
    <subfield code="z">Giolito De Ferrari, Gabriele</subfield>
  </datafield>
  <datafield tag="791" ind1="0" ind2="0">
    <subfield code="a">Iolito de Ferrarii, Gabriel</subfield>
    <subfield code="3">IT\ICCU\CNCT\004885</subfield>
    <subfield code="z">Giolito De Ferrari, Gabriele</subfield>
  </datafield>
  <datafield tag="801" ind1=" " ind2="3">
    <subfield code="a">IT</subfield>
    <subfield code="b">ICCU</subfield>
    <subfield code="c">20201114</subfield>
  </datafield>
  <datafield tag="899" ind1=" " ind2=" ">
    <subfield code="a">Biblioteca civica Romolo Spezioli. Fermo</subfield>
    <subfield code="z">MUTILO</subfield>
    <subfield code="1">AP0012</subfield>
    <subfield code="2">UMC FM</subfield>
  </datafield>
  <datafield tag="899" ind1=" " ind2=" ">
    <subfield code="a">Biblioteca civica A. Mai. Bergamo</subfield>
    <subfield code="1">BG0026</subfield>
    <subfield code="2">LO1 02</subfield>
  </datafield>
  <datafield tag="899" ind1=" " ind2=" ">
    <subfield code="a">Biblioteca universitaria. Bologna</subfield>
    <subfield code="1">BO0098</subfield>
    <subfield code="2">UBO BU</subfield>
  </datafield>
  <datafield tag="899" ind1=" " ind2=" ">
    <subfield code="a">Biblioteca Riccardiana. Firenze</subfield>
    <subfield code="1">FI0094</subfield>
    <subfield code="2">CFI RF</subfield>
  </datafield>
  <datafield tag="899" ind1=" " ind2=" ">
    <subfield code="a">Biblioteca comunale Passerini Landi. Piacenza</subfield>
    <subfield code="1">PC0030</subfield>
    <subfield code="2">PIA PL</subfield>
  </datafield>
  <datafield tag="899" ind1=" " ind2=" ">
    <subfield code="a">Biblioteca universitaria. Padova</subfield>
    <subfield code="1">PD0158</subfield>
    <subfield code="2">PUV 00</subfield>
  </datafield>
  <datafield tag="899" ind1=" " ind2=" ">
    <subfield code="a">Biblioteca Palatina. Parma</subfield>
    <subfield code="z">MUTILO</subfield>
    <subfield code="1">PR0072</subfield>
    <subfield code="2">PAR PA</subfield>
  </datafield>
  <datafield tag="899" ind1=" " ind2=" ">
    <subfield code="a">Biblioteca universitaria. Pavia</subfield>
    <subfield code="1">PV0291</subfield>
    <subfield code="2">MIL UP</subfield>
  </datafield>
  <datafield tag="899" ind1=" " ind2=" ">
    <subfield code="a">Biblioteca Vallicelliana. Roma</subfield>
    <subfield code="1">RM0281</subfield>
    <subfield code="2">RML 08</subfield>
  </datafield>
  <datafield tag="899" ind1=" " ind2=" ">
    <subfield code="a">Biblioteca Reale. Torino</subfield>
    <subfield code="1">TO0263</subfield>
    <subfield code="2">TO0 07</subfield>
  </datafield>
  <datafield tag="899" ind1=" " ind2=" ">
    <subfield code="a">Biblioteca civica. Verona</subfield>
    <subfield code="1">VR0059</subfield>
    <subfield code="2">ZVR 02</subfield>
  </datafield>
  <datafield tag="899" ind1=" " ind2=" ">
    <subfield code="a">Biblioteca del Seminario vescovile. Verona</subfield>
    <subfield code="1">VR0061</subfield>
    <subfield code="2">PBE 83</subfield>
  </datafield>
  <datafield tag="911" ind1=" " ind2=" ">
    <subfield code="a">Sul front.</subfield>
    <subfield code="9">IT\ICCU\CNCM\000210</subfield>
  </datafield>
  <datafield tag="921" ind1=" " ind2=" ">
    <subfield code="a">IT\ICCU\CNCM\000210</subfield>
    <subfield code="b">Fenice, rivolta al sole, su fiamme che si sprigionano da un&apos;anfora recante  le iniziali G.G.F. In cornice</subfield>
    <subfield code="e">Semper eadem; Vivo morte refecta mea</subfield>
    <subfield code="c">A122</subfield>
    <subfield code="c">V364</subfield>
    <subfield code="c">Z540</subfield>
    <subfield code="d">Dimensioni: 7 x 9</subfield>
    <subfield code="f">ANFORA</subfield>
    <subfield code="f">FENICE</subfield>
    <subfield code="f">FIAMME</subfield>
    <subfield code="f">SEMPEREADE</subfield>
    <subfield code="f">GGF</subfield>
    <subfield code="g">1543-1591</subfield>
  </datafield>
</record>
</collection>
